@misc{高能宇宙线粒子探测:online,
author = {},
title = {高能宇宙线粒子探测实验},
howpublished = {\url{https://hep.tsinghua.edu.cn/training/cosmicRay/}},
month = {},
year = {}
}